@incollection{Landau2004,
abstract = {2a ed. corr. Translation of: Mekhanika.},
author = {Landau, Lev and Lifshitz, Evgeny Mikhailovich},
booktitle = {Mecanica},
doi = {10.1109/TMAG.2004.836740},
file = {:C$\backslash$:/Users/Personal/Documents/U/Libros/Fisica/Mecanica/Analitica/Mec{\'{a}}nica.pdf:pdf},
isbn = {9789812778758},
mendeley-groups = {Computacional/Tarea 3},
number = {7},
pages = {91--92},
title = {{Mecanica}},
volume = {1},
year = {2004}
}
